@article{pix2pix,
  author    = {Phillip Isola and
               Jun{-}Yan Zhu and
               Tinghui Zhou and
               Alexei A. Efros},
  title     = {Image-to-Image Translation with Conditional Adversarial Networks},
  journal   = {CoRR},
  volume    = {abs/1611.07004},
  year      = {2016},
  url       = {http://arxiv.org/abs/1611.07004},
  timestamp = {Thu, 01 Dec 2016 19:32:08 +0100},
  biburl    = {http://dblp.uni-trier.de/rec/bib/journals/corr/IsolaZZE16},
  bibsource = {dblp computer science bibliography, http://dblp.org}
}
@online{pix2pix-tensorflow,
  author = {Christopher Hesse},
  title = {Image-to-Image Translation in Tensorflow},
  year = 2017,
  url = {https://affinelayer.com/pix2pix/},
  urldate = {2017-04-27}
}
@online{pokemonNN,
  author = {Janelle Shane},
  title = {Pokemon generated by neural network},
  year = {2017},
  url = {http://lewisandquark.tumblr.com/post/147834883707/pokemon-generated-by-neural-network},
  urldate = {2017-04-27}
}
@online{pokemonNN-img,
  author = {Iguanamouth},
  title = {Pokemon generated by neural network},
  year = {2017},
  url = {http://iguanamouth.tumblr.com/post/158982472537/pokemon-generated-by-neural-network},
  urldate = {2017-04-27}
}
@article{sketchy,
 author = {Sangkloy, Patsorn and Burnell, Nathan and Ham, Cusuh and Hays, James},
 title = {The Sketchy Database: Learning to Retrieve Badly Drawn Bunnies},
 journal = {ACM Trans. Graph.},
 issue_date = {July 2016},
 volume = {35},
 number = {4},
 month = jul,
 year = {2016},
 issn = {0730-0301},
 pages = {119:1--119:12},
 articleno = {119},
 numpages = {12},
 url = {http://doi.acm.org/10.1145/2897824.2925954},
 doi = {10.1145/2897824.2925954},
 acmid = {2925954},
 publisher = {ACM},
 address = {New York, NY, USA},
 keywords = {deep learning, image synthesis, siamese network, sketch-based image retrieval, triplet network},
} 
@incollection{whatWhereToDraw,
title = {Learning What and Where to Draw},
author = {Reed, Scott E and Akata, Zeynep and Mohan, Santosh and Tenka, Samuel and Schiele, Bernt and Lee, Honglak},
booktitle = {Advances in Neural Information Processing Systems 29},
editor = {D. D. Lee and M. Sugiyama and U. V. Luxburg and I. Guyon and R. Garnett},
pages = {217--225},
year = {2016},
publisher = {Curran Associates, Inc.},
url = {http://papers.nips.cc/paper/6111-learning-what-and-where-to-draw.pdf}
}
